@misc{wikipedia_programacao_dinamica,
  author = {Wikipedia},
  title = {Programação dinâmica},
  year = {2023},
  url = {https://pt.m.wikipedia.org/wiki/Programa\%C3\%A7\%C3\%A3o_din\%C3\%A2mica},
  note = {Acesso em: 13 abr. 2025}
}

@misc{noic_programacao_dinamica,
  author = {NOIC},
  title = {Programação Dinâmica},
  year = {2023},
  url = {https://noic.com.br/materiais-informatica/curso/dp-01/},
  note = {Acesso em: 11 abr. 2025}
}

@misc{cerveira_tsp,
  author = {Cerveira, Arthur},
  title = {Travelling Salesman Problem},
  year = {2023},
  url = {https://arthurcerveira.github.io/Travelling-Salesman-Problem/},
  note = {Acesso em: 12 abr. 2025}
}